@article{lambert,
  AUTHOR =       {P. C. Lambert and A. J. Sutton and P. R. Burton and K. R. Abrams and D. R. Jones},
  TITLE =        {How vague is vague?  {A} simulation study of the impact of the use of vague prior distributions in {MCMC} using {WinBUGS}},
  JOURNAL =      {Statistics in Medicine},
  YEAR =         {2005},
  volume =       {24},
  pages =        {2401--2428}
}

@incollection{dellas,
  AUTHOR =       {P. Dellaportas and J. J. Foster and I. Ntzoufras},
  TITLE =        {Bayesian variable selection using the {G}ibbs sampling},
  BOOKTITLE =    {Generalized linear models: a {B}ayesian perspective},
  PUBLISHER =    {Marcel Dekker},
  YEAR =         {2000},
  editor =       {D. K. Dey, S. K. Ghosh and B. K. Mallick},
  address =      {New York},
  pages =        {273--286}
}

@book{Williams,
  Author={Williams, D.},
  Year= {1991},
  Title={Probability with Martingales},
  Publisher={Cambridge University Press},
  ISBN={0-521-40605-6}
}
@book{Fristedt,
  Author={Fristedt, B. E. and Gray, L. F.},
  Year={1996},
  Title={A modern approach to probability theory},
  Publisher={Birkh\"{a}user Boston},
  ISBN={0-8176-3807-5}
}

@Book{xie2015,
  title = {Dynamic Documents with {R} and knitr},
  author = {Yihui Xie},
  publisher = {Chapman and Hall/CRC},
  address = {Boca Raton, Florida},
  year = {2015},
  edition = {2nd},
  note = {ISBN 978-1498716963},
  url = {http://yihui.name/knitr/},
}
